@book{LCS														,
	author	=	"Uwe Schöning"									,
	title		=	"Logic for Computer Scientists"						,
	publisher	=	"Birkhäuser"									,
	year		=	"2008"										,
	url		=	"http://springerlink.com/content/978-0-8176-4762-9/"	,
	language	=	"english"										
}

@book{EleIT													,
	author	=	"Thomas M. Cover and Joy A. Thomas"					,
	title		=	"Elements of Information Theory"						,
	publisher	=	"John Wiley \& Sons, Inc."							,
	year		=	"2005"										,
	url		=	"http://onlinelibrary.wiley.com/book/10.1002/047174882X"	,
	language	=	"english"										
}

@book{Proofs													,
	author	=	"Martin Aigner and Günter M. Ziegler"					,
	title		=	"Proofs from THE BOOK"							,
	publisher	=	"Springer-Verlag"								,
	year		=	"2010"										,
	url		=	"http://springerlink.com/content/978-3-642-00855-9/"	,
	language	=	"english"										
}

@book{Beweise													,
	author	=	"Martin Aigner and Günter M. Ziegler"					,
	title		=	"Das BUCH der Beweise"							,
	publisher	=	"Springer-Verlag"								,
	year		=	"2010"										,
	url		=	"http://springerlink.com/content/978-3-642-02258-6/"	,
	language	=	"german"										
}

@book{DiskreteMathematik											,
	author	=	"Martin Aigner"									,
	title		=	"Diskrete Mathematik"								,
	publisher	=	"Vieweg Verlag"									,
	year		=	"2006"										,
	url		=	"http://springerlink.com/content/978-3-8348-0084-8/"	,
	language	=	"german"										
}

@book{DiskreteStrukturen											,
	author	=	"Angelika Steger"								,
	title		=	"Diskrete Stukturen"								,
	volume	=	"Band 1: Kombinatorik, Graphentheorie, Algebra"			,
	publisher	=	"Springer-Verlag"								,
	year		=	"2007"										,
	url		=	"http://springerlink.com/content/978-3-540-46660-4/"	,
	language	=	"german"										
}

@book{WasIst													,
	author	=	"Richard Courant and Herbert E. Robbins"				,
	title		=	"Was ist Mathematik?"								,
	publisher	=	"Springer-Verlag"								,
	year		=	"2010"										,
	url		=	"http://springerlink.com/content/978-3-642-13700-6/"	,
	language	=	"german"										
}